@inproceedings{snelson2007local,
  title={Local and global sparse Gaussian process approximations},
  author={Snelson, Edward and Ghahramani, Zoubin},
  booktitle={Artificial Intelligence and Statistics},
  pages={524--531},
  year={2007}
}

@inproceedings{thatte2018method,
  title={A Method for Online Optimization of Lower Limb Assistive Devices with High Dimensional Parameter Spaces},
  author={Thatte, Nitish and Duan, Helei and Geyer, Hartmut},
  booktitle={2018 IEEE International Conference on Robotics and Automation (ICRA)},
  pages={1--6},
  year={2018},
  organization={IEEE}
}

@article{gauthier1999enabling,
  title={Enabling factors related to prosthetic use by people with transtibial and transfemoral amputation},
  author={Gauthier-Gagnon, Christiane and Gris{\'e}, Marie-Claude and Potvin, Diane},
  journal={Archives of physical medicine and rehabilitation},
  volume={80},
  number={6},
  pages={706--713},
  year={1999},
  publisher={Elsevier}
}

@article{miller2001prevalence,
  title={The prevalence and risk factors of falling and fear of falling among lower extremity amputees},
  author={Miller, William C and Speechley, Mark and Deathe, Barry},
  journal={Archives of physical medicine and rehabilitation},
  volume={82},
  number={8},
  pages={1031--1037},
  year={2001},
  publisher={Elsevier}
}

@article{sup2009preliminary,
  title={Preliminary evaluations of a self-contained anthropomorphic transfemoral prosthesis},
  author={Sup, Frank and Varol, Huseyin Atakan and Mitchell, Jason and Withrow, Thomas J and Goldfarb, Michael},
  journal={IEEE/ASME Transactions on mechatronics},
  volume={14},
  number={6},
  pages={667--676},
  year={2009},
  publisher={IEEE}
}

@article{lenzi2014speed,
  title={Speed-adaptation mechanism: Robotic prostheses can actively regulate joint torque},
  author={Lenzi, Tommaso and Hargrove, Levi and Sensinger, Jonathon},
  journal={IEEE Robotics \& Automation Magazine},
  volume={21},
  number={4},
  pages={94--107},
  year={2014},
  publisher={IEEE}
}

@inproceedings{desai2012robust,
  title={Robust swing leg placement under large disturbances},
  author={Desai, Ruta and Geyer, Hartmut},
  booktitle={Robotics and Biomimetics (ROBIO), 2012 IEEE International Conference on},
  pages={265--270},
  year={2012},
  organization={IEEE}
}

@inproceedings{quintero2016preliminary,
  title={Preliminary experiments with a unified controller for a powered knee-ankle prosthetic leg across walking speeds},
  author={Quintero, David and Villarreal, Dario J and Gregg, Robert D},
  booktitle={Proceedings of the... IEEE/RSJ International Conference on Intelligent Robots and Systems. IEEE/RSJ International Conference on Intelligent Robots and Systems},
  volume={2016},
  pages={5427},
  year={2016},
  organization={NIH Public Access}
}

@inproceedings{scandaroli2009estimation,
  title={Estimation of foot orientation with respect to ground for an above knee robotic prosthesis},
  author={Scandaroli, Glauco Garcia and Borges, Geovany Ara{\'u}jo and Ishihara, Jo{\~a}o Yoshiyuki and Terra, Marco Henrique and da Rocha, Adson Ferreira and de Oliveira Nascimento, Francisco Assis},
  booktitle={Intelligent robots and systems, 2009. IROS 2009. IEEE/RSJ international conference on},
  pages={1112--1117},
  year={2009},
  organization={IEEE}
}

@inproceedings{zhang2011preliminary,
  title={Preliminary design of a terrain recognition system},
  author={Zhang, Fan and Fang, Zheng and Liu, Ming and Huang, He},
  booktitle={Engineering in medicine and biology society, EMBC, 2011 annual international conference of the IEEE},
  pages={5452--5455},
  year={2011},
  organization={IEEE}
}

@article{du2012toward,
  title={Toward design of an environment-aware adaptive locomotion-mode-recognition system},
  author={Du, Lin and Zhang, Fan and Liu, Ming and Huang, He},
  journal={IEEE Transactions on Biomedical Engineering},
  volume={59},
  number={10},
  pages={2716--2725},
  year={2012},
  publisher={IEEE}
}

@article{liu2016development,
  title={Development of an environment-aware locomotion mode recognition system for powered lower limb prostheses},
  author={Liu, Ming and Wang, Ding and Huang, He Helen},
  journal={IEEE Transactions on Neural Systems and Rehabilitation Engineering},
  volume={24},
  number={4},
  pages={434--443},
  year={2016},
  publisher={IEEE}
}

@article{krausz2015depth,
  title={Depth sensing for improved control of lower limb prostheses},
  author={Krausz, Nili Eliana and Lenzi, Tommaso and Hargrove, Levi J},
  journal={IEEE Transactions on Biomedical Engineering},
  volume={62},
  number={11},
  pages={2576--2587},
  year={2015},
  publisher={IEEE}
}

@article{massalin2017user,
  title={User-Independent Intent Recognition for Lower-Limb Prostheses Using Depth Sensing},
  author={Massalin, Yerzhan and Abdrakhmanova, Madina and Varol, Huseyin Atakan},
  journal={IEEE Transactions on Biomedical Engineering},
  year={2017},
  publisher={IEEE}
}

@inproceedings{yan2018locomotion,
  title={A Locomotion Recognition System Using Depth Images},
  author={Yan, Tingfang and Sun, Yuxiang and Liu, Tingting and Chcung, Chi-Hong and Meng, Max Qing-Hu},
  booktitle={2018 IEEE International Conference on Robotics and Automation (ICRA)},
  pages={6766--6772},
  year={2018},
  organization={IEEE}
}

@inproceedings{duan2018real,
  title={Real-Time Robust 3D Plane Extraction for Wearable Robot Perception and Control},
  author={Duan, Ran and Yu, Shuangyue and Yue, Guang and Foulds, Richard and Feng, Chen and Tian, Yingli and Su, Hao},
  booktitle={2018 Design of Medical Devices Conference},
  pages={V001T06A003--V001T06A003},
  year={2018},
  organization={American Society of Mechanical Engineers}
}

@article{gupta2007kalman,
  title={Kalman filtering with equality and inequality state constraints},
  author={Gupta, Nachi and Hauser, Raphael},
  journal={arXiv preprint arXiv:0709.2791},
  year={2007}
}

@incollection{rasmussen2004gaussian,
  title={Gaussian processes in machine learning},
  author={Rasmussen, Carl Edward},
  booktitle={Advanced lectures on machine learning},
  pages={63--71},
  year={2004},
  publisher={Springer}
}

@article{jaegers1995prosthetic,
  title={Prosthetic gait of unilateral transfemoral amputees: a kinematic study},
  author={Jaegers, Sonja MHJ and Arendzen, J Hans and de Jongh, Henry J},
  journal={Archives of physical medicine and rehabilitation},
  volume={76},
  number={8},
  pages={736--743},
  year={1995},
  publisher={Elsevier}
}

@inproceedings{ratliff2009chomp,
  title={CHOMP: Gradient optimization techniques for efficient motion planning},
  author={Ratliff, Nathan and Zucker, Matt and Bagnell, J Andrew and Srinivasa, Siddhartha},
  booktitle={Robotics and Automation, 2009. ICRA'09. IEEE International Conference on},
  pages={489--494},
  year={2009},
  organization={IEEE}
}

@inproceedings{lawson2010stumble,
  title={Stumble detection and classification for an intelligent transfemoral prosthesis},
  author={Lawson, Brian E and Varol, H Atakan and Sup, Frank and Goldfarb, Michael},
  booktitle={2010 Annual International Conference of the IEEE Engineering in Medicine and Biology},
  pages={511--514},
  year={2010},
  organization={IEEE}
}

@article{zhang2011towards,
  title={Towards design of a stumble detection system for artificial legs},
  author={Zhang, Fan and D'Andrea, Susan E and Nunnery, Michael J and Kay, Steven M and Huang, He},
  journal={IEEE Transactions on Neural Systems and Rehabilitation Engineering},
  volume={19},
  number={5},
  pages={567--577},
  year={2011},
  publisher={IEEE}
}

@inproceedings{shirota2014recovery,
  title={Recovery strategy identification throughout swing phase using kinematic data from the tripped leg},
  author={Shirota, Camila and Simon, Ann M and Kuiken, Todd A},
  booktitle={2014 36th Annual International Conference of the IEEE Engineering in Medicine and Biology Society},
  pages={6199--6202},
  year={2014},
  organization={IEEE}
}

@article{mohagheghi2004effects,
  title={The effects of distant and on-line visual information on the control of approach phase and step over an obstacle during locomotion},
  author={Mohagheghi, Amir A and Moraes, Renato and Patla, Aftab E},
  journal={Experimental Brain Research},
  volume={155},
  number={4},
  pages={459--468},
  year={2004},
  publisher={Springer}
}

@article{dijkstra1959note,
  title={A note on two problems in connexion with graphs},
  author={Dijkstra, Edsger W},
  journal={Numerische mathematik},
  volume={1},
  number={1},
  pages={269--271},
  year={1959},
  publisher={Springer}
}

@article{anderson1979optimal,
  title={Optimal filtering},
  author={Anderson, Brian DO and Moore, John B},
  journal={Englewood Cliffs},
  volume={21},
  pages={22--95},
  year={1979}
}
